<record><leader>00000cas a22000007a 4500</leader><controlfield tag="001">19636928</controlfield><controlfield tag="008">890501d193319uupauwr ne      0    0eng d</controlfield><datafield ind1=" " ind2=" " tag="010"><subfield code="a">sn 89077459 </subfield></datafield><datafield ind1=" " ind2=" " tag="040"><subfield code="a">NPH</subfield><subfield code="b">eng</subfield><subfield code="c">NPH</subfield><subfield code="d">OCLCQ</subfield></datafield><datafield ind1=" " ind2=" " tag="042"><subfield code="a">msc</subfield></datafield><datafield ind1="0" ind2="0" tag="245"><subfield code="a">Germantown tribune and North Philadelphia news.</subfield></datafield><datafield ind1="3" ind2="0" tag="246"><subfield code="a">Germantown tribune North Philadelphia news</subfield></datafield><datafield ind1=" " ind2=" " tag="260"><subfield code="a">Germantown, Philadelphia [Pa.] :</subfield><subfield code="b">North Philadelphia News, Inc.</subfield></datafield><datafield ind1=" " ind2=" " tag="300"><subfield code="a">v. :</subfield><subfield code="b">ill. ;</subfield><subfield code="c">44 cm.</subfield></datafield><datafield ind1=" " ind2=" " tag="310"><subfield code="a">Weekly</subfield></datafield><datafield ind1="1" ind2=" " tag="362"><subfield code="a">Began in 1933.</subfield></datafield><datafield ind1=" " ind2=" " tag="588"><subfield code="a">Description based on: Vol. 2, no. 24 (Aug. 3, 1933).</subfield></datafield><datafield ind1=" " ind2=" " tag="752"><subfield code="a">United States</subfield><subfield code="b">Pennsylvania</subfield><subfield code="c">Philadelphia</subfield><subfield code="d">Philadelphia.</subfield></datafield><datafield ind1="0" ind2="0" tag="780"><subfield code="t">North Philadelphia news and Erlen news</subfield><subfield code="w">(DLC)sn 89077458</subfield></datafield></record>